@book{gough:gsl,
title="GNU Scientific Library Reference Manual",
edition={$2^{{\rm nd}}$},
editor="Brian Gough",
publisher= "Network Theory, Ltd",
year=2003
}

@book{friedl:regex,
title="Mastering Regular Expressions",
edition={$2^{{\rm nd}}$},
author="Friedl, Jeffrey E F",
publisher= "O'Reilly Media",
year=2002
}

@article{pearson:chisq,
author="Karl Pearson",
title = "On the Theories of Multiple and Partial Contingency",
volume= 9,
journal = "Biometrika", volume= 11, number = 3, pages="145--158",
year =1916, month=May
}


@article{fisher:exact,
author="Fisher, RA",
title = "On the Interpretation of $\chi^2$ from Contingency
Tables, and the Calculation of $P$",
journal = "Journal of the Royal Statistical
Society", volume= 85, number = 1, pages="87--94",
year =1922
}

@article{huber:languages,
author="Peter J Huber",
title = "Languages for Statistics and Data Analysis",
journal = "Joural of Computational and Graphical Statistics",
volume= 9, number = 3, month=Sep, year =2000, pages="600--620"
}

@article{bowman:shenton,
author={K O Bowman and L R Shenton},
title = {Omnibus Test Contours for Departures from Normality Based on $\sqrt{b_1}$ and $b_2$},
journal = "Biometrika", volume= 62, number= "2", month = Aug, year= 1975,
pages = "243--250"} 

@book{arkin:colton,
author = {Herbert Arkin and Raymond R Colton},
title = {An Outline of Statistical Methods as Applied to Economics,
Business, Education, Social and Physical Sciences, Etc.},
edition={$4^{{\rm th}}$},
year = 1939,
publisher = {Barnes \& Noble}
}


@article{goldberg:floating,
 author = {David Goldberg},
 title = {What Every Computer Scientist Should Know about Floating-point Arithmetic},
 journal = {ACM Computing Surveys},
 volume = {23},
 number = {1},
 year = {1991},
 issn = {0360-0300},
 pages = {5--48},
 doi = {http://doi.acm.org/10.1145/103162.103163},
 publisher = {ACM Press},
 address = {New York, NY, USA},
 }

@article{efron:siam,
author={Bradley Efron},
title={Computers and the Theory of Statistics: Thinking the Unthinkable},
year=1979,
journal={SIAM Review},
pages={460--480},
issue=4, volume=21,
month=Oct
}

@article{freedman:screening,author  = {David A Freedman},
title   = {A Note on Screening Regression Equations},
journal = {The American Statistician},
volume = 37, number = 2,month = may, year = 1983, pages = {152--155}}

@article{silverman:boot,
author={Bernard W Silverman},
title={Using Kernel Density Estimates to Investigate Multimodality},
year=1981,
journal={Journal of the Royal Statistical Society, Series B (Methodological)},
pages={97--99},
issue=1, volume=43
}

@article{welch:lzw,
author="Terry A Welch",
title = "A Technique for High-Performance Data Compression",
journal ="IEEE Computer", 
volume =17, number=6, pages={8--19}, year= 1984
}

@article{poole:rosenthal,
author = "Keith T Poole and Howard Rosenthal", 
title = "A Spatial Model for Legislative
Roll Call Analysis",
journal = "American Journal of Political Science", volume = 29, number =2, 
pages = {357--384}, month=May, year= 1985}

@article{codd:sql,
author = "Edgar F Codd",
year = 1970, 
title = "A Relational Model of Data for Large Shared Data Banks", 
journal = "Communications of the ACM", volumne =13, number=6, pages={377--387}
}

@article{student:errors,
author={Student},
title = {Errors of Routine Analysis},
journal = "Biometrika", volume= 19, number= "1/2", month = Jul, year= 1927,
pages = "151--164"} 

@book{practical:optimization,
author={Philip E Gill and Waler Murray and Margaret H Wright},
title={Practical Optimization},
publisher={Academic Press},
year=1981
}

@book{kandr:c,
author={Brian W Kernighan and  Dennis M Ritchie},
title={The C Programming Language},
edition={$2^{{\rm nd}}$},
publisher={Prentice Hall PTR},
year=1988
}

@book{avriel:nonlinear,
author={Mordecai Avriel},
title={Nonlinear Programming: Analysis and Methods},
publisher={Dover Press},
year=2003
}

@book{recipesinc,
author={William H Press and Brian P Flannery and Saul A Teukolsky and
William T Vetterling},
title={Nulerical Recipes in {C}: The Art of Scientific Computing},
publisher={Cambridge University Press},
year=1988
}

@book{kmenta,
author={Jan Kmenta},
title={Elements of Econometrics},
publisher={Macmillan Publishing Company},
edition={$2^{{\rm nd}}$},
year=1986
}

@book{amemiya:advanced,
author={Takeshi Amemiya},
title={Advanced Econometrics},
year=1985,
publisher={Harvard University Press}
}

@book{amemiya:ez,
author={Takeshi Amemiya},
title={Introduction to Statistics and Econometrics},
year=1994,
publisher={Harvard University Press}
}

@book{zarembka,
editor={P Zarembka},
title={Frontiers in Econometrics},
year=1973,
publisher={Academic Press},
crossrefonly=1
}

@inbook{mcfadden,
author = {Daniel McFadden},
title = {Conditional Logit Analysis of Qualitative Choice Behavior},
chapter = 4,
pages = {105--142},
crossref = {zarembka}}

@book{karlquist,
editor={A Karlquist},
title={Spatial Interaction Theory and Residential Location},
publisher={North Holland},
crossrefonly=1
}

@inbook{mcfad:house,
author = {Daniel McFadden},
title = {Modelling the Choice of Residential Location},
pages = {75-96},
crossref = {karlquist}}

@book{goldberger,
author={Arthur S Goldberger},
title={A Course in Econometrics},
year=1991,
publisher={Harvard University Press}
}

@book{greene,
author={William H Greene},
title={Econometric Analysis},
year=1990,
edition={$2^{{\rm nd}}$},
publisher={Prentice Hall}
}

@book{casella:berger,
author={George Casella and Roger L Berger},
title={Statistical Inference},
year=1990,
publisher={Duxbury Press}
}
